/Users/ajbc/Dropbox/papers/library.bib